 
@misc{utwente,
    author = "Universitat de Twente",
    title = "International High School Timetabling competition.",
    year = "2018",
    howpublished = {\url{http://www.utwente.nl/ctit/hstt/}}
 }
  
@misc{ wiki:bin,
    author = "{Wikipedia contributors}",
    title = "Bin packing problem --- {Wikipedia}{,} The Free Encyclopedia",
    year = "2019",
    howpublished = "\url{https://en.wikipedia.org/w/index.php?title=Bin_packing_problem&oldid=912207075}"
  }

@article{complexityHSTT,
    title={The Complexity of Timetable Construction Problems Technical Report Number 495},
    author={Tim B Cooper i Jeffrey H Kingston},
    date = 1995,
    month = feb
}

@article{treballCristo,
    title={Generador d'horaris d'instituts},
    author={Nogueira Gascons, Cristòfor},
    date = 2015,
    howpublished = {Universitat de Girona},
    note = "Disponible a: \url{http://hdl.handle.net/10256/11507}"
}



@misc{geeksDecidable,
    author = {Aishwarya Agarwal},
    title = {Theory of computation | Decidable and undecidable problems --- GeeksforGeeks},
    howpublished = "\url{https://www.geeksforgeeks.org/theory-computation-decidable-undecidable-problems/}"
}
@misc{geeksNP,
    author = {GeeksforGeeks},
    title = {Theory of computation | Decidable and undecidable problems --- GeeksforGeeks},
    howpublished = "\url{https://www.geeksforgeeks.org/np-completeness-set-1/}"
}
@misc{pugi,
    author = {Arseny Kapoulkine},
    title = {pugixml},
    howpublished = "\url{https://pugixml.org/}"
}
@misc{yices,
    author = {SRI International},
    title = {The Yices SMT Solver},
    howpublished = "\url{https://yices.csl.sri.com/}"
}
@misc{cpp,
    author = {Standard C++ Foundation. },
    title = {Standard C++},
    howpublished = "\url{https://isocpp.org/}"
}
@misc{wiki:cpp,
    author = "{Wikipedia contributors}",
    title = "C++ --- {Wikipedia}{,} The Free Encyclopedia",
    year = "2019",
    howpublished = "\url{https://en.wikipedia.org/w/index.php?title=C%2B%2B&oldid=912907129}",
    note = "[Online; accessed 29-August-2019]"
  }
@misc{qtc,
    author = {The Qt Company},
    title = {Qt APIs \& Libraries, Tools and IDE},
    howpublished ="\url{https://www.qt.io/qt-features-libraries-apis-tools-and-ide/#ide}"
}
@misc{latex,
    author = {The \LaTeX project},
    title = {\LaTeX – A document preparation system},
    howpublished ="\url{https://www.latex-project.org/}"
}
@misc{vscode,
    title = {Visual Studio Code},
    howpublished ="\url{https://code.visualstudio.com/}"
}
@misc{linucs,
    author = {The Linux Foundation},
    title = {Linux},
    howpublished ="\url{https://www.linuxfoundation.org/projects/linux/}"
}
@misc{arch,
    author = {ArchWiki},
    title = {Arch Linux},
    howpublished = "\url{https://wiki.archlinux.org/index.php/Arch_Linux}"

}
@misc{xhstt,
    author = {Jeffrey H. Kingston},
    title = {High School Timetable Data Format Specification},
    year = 2012,
    howpublished ="\url{http://www.it.usyd.edu.au/~jeff/cgi-bin/hseval.cgi?op=spec}"
}
@misc{hseval,
    author = {Jeffrey H. Kingston},
    title = {The HSEval High School Timetable Evaluator},
    year = 2012,
    howpublished ="\url{http://www.it.usyd.edu.au/~jeff/cgi-bin/hseval.cgi}"
}
@artricle{liuCSP,
    title = {Algorithms for Constraint Satisfaction Problems (CSPs)},
    author={Zhe Liu},
    date = 1998,
    howpublished = {Universitat de Waterloo},
    note = "Disponible a: \url{http://www.cs.toronto.edu/~fbacchus/Papers/liu.pdf}"
}
@article{musical,
    author = {Toro, Mauricio and Rueda, Camilo and Agon, Carlos and Assayag, Gérard},
    year = {2016},
    month = {04},
    pages = {327-331},
    title = {GELISP : A Framework to represent musical constraint satisfaction problems and search strategies},
    volume = {86},
    note = "Disponible a: \url{http://www.jatit.org/volumes/Vol86No2/17Vol86No2.pdf}"
}
@inproceedings{cook1971complexity,
  title={The complexity of theorem-proving procedures},
  author={Cook, Stephen A},
  booktitle={Proceedings of the third annual ACM symposium on Theory of computing},
  year={1971},
  organization={ACM}
}
@misc{ wiki:sat,
    author = "{Wikipedia contributors}",
    title = "Boolean satisfiability problem --- {Wikipedia}{,} The Free Encyclopedia",
    year = "2019",
    howpublished = "\url{https://en.wikipedia.org/w/index.php?title=Boolean_satisfiability_problem&oldid=911344299}"
  }
@misc{ wiki:maxsat,
    author = "{Wikipedia contributors}",
    title = "Maximum satisfiability problem --- {Wikipedia}{,} The Free Encyclopedia",
    year = "2019",
    howpublished = "\url{https://en.wikipedia.org/w/index.php?title=Maximum_satisfiability_problem&oldid=900651688}"
  }
  @incollection{barrett2018satisfiability,
  title={Satisfiability modulo theories},
  author={Barrett, Clark and Tinelli, Cesare},
  booktitle={Handbook of Model Checking},
  pages={305--343},
  year={2018},
  publisher={Springer}
}
@article{de2011satisfiability,
  title={Satisfiability modulo theories: introduction and applications},
  author={De Moura, Leonardo and Bj{\o}rner, Nikolaj},
  journal={Communications of the ACM},
  volume={54},
  number={9},
  pages={69--77},
  year={2011},
  publisher={ACM}
}
@misc{ wiki:smt,
    author = "{Wikipedia contributors}",
    title = "Satisfiability modulo theories --- {Wikipedia}{,} The Free Encyclopedia",
    year = "2019",
    howpublished = "\url{https://en.wikipedia.org/w/index.php?title=Satisfiability_modulo_theories&oldid=909772056}"
}
  @inproceedings{sinz2005towards,
  title={Towards an optimal CNF encoding of boolean cardinality constraints},
  author={Sinz, Carsten},
  booktitle={International conference on principles and practice of constraint programming},
  pages={827--831},
  year={2005},
  organization={Springer}
}
@inproceedings{asin2009cardinality,
  title={Cardinality networks and their applications},
  author={Asín, Roberto and Nieuwenhuis, Robert and Oliveras, Albert and Rodríguez-Carbonell, Enric},
  booktitle={International Conference on Theory and Applications of Satisfiability Testing},
  pages={167--180},
  year={2009},
  organization={Springer}
}
@inproceedings{Bailleux2003EfficientCE,
  title={Efficient CNF Encoding of Boolean Cardinality Constraints},
  author={Olivier Bailleux and Yacine Boufkhad},
  booktitle={CP},
  year={2003}
}
@misc{ wiki:blackbox,
    author = "{Wikipedia contributors}",
    title = "Black-box testing --- {Wikipedia}{,} The Free Encyclopedia",
    year = "2019",
    howpublished = "\url{https://en.wikipedia.org/w/index.php?title=Black-box_testing&oldid=909756532}",
    note = "[Online; accessed 31-August-2019]"
  }